%# -*- coding: utf-8-unix -*-

@Book{有限元方法的数学基础,
  Title                    = {有限元方法的数学基础},
  Address                  = {北京},
  Author                   = {王烈衡 and 许学军},
  Publisher                = {科学出版社},
  Year                     = {2007},
  Month                    = {7}
}

@misc{FEM-何晓明,
  author = {Xiaoming He},
  year = {},
  url = {https://www.bilibili.com/video/BV1Zv411t7Lj?spm_id_from=333.999.0.0},
  urldate = {September 29, 2021},
  title = {Introduction and Basic Implementation for Finite Element Methods}
}

@misc{FEM程序理论,
  author = {Long Chen},
  year = {},
  url = {https://www.math.uci.edu/~chenlong/226/Ch2FEM.pdf},
  urldate = {September 29, 2021},
  title = {Introduction Of Finite Element Methods}
}

@misc{FEMCode,
  author = {Long Chen},
  year = {},
  url = {https://www.math.uci.edu/~chenlong/226/Ch3FEMCode.pdf},
  urldate = {September 29, 2021},
  title = {Programming Of Finite Element Methods in MATLAB}
}


@misc{iFEM,
  author = {Long Chen},
  year = {},
  url = {https://github.com/lyc102/ifem},
  urldate = {September 29, 2021},
  title = {iFEM软件包}
}
